@BOOK
{
   cpn-tools-book,
   author = "Jensen, K. and Kristensen, L. M.",
   title= "Coloured Petri Nets",
   publisher = "Springer",
   year = 2009,
   pages = "1-12"
}
@BOOK
{
   reisig,
   author = "Reisig, W.",
   title= "Elements of Distributed Algorithms",
   publisher = "Springer",
   year = 1998,
   pages = "134-135"
}
@Article
{
  15909-1:2004,
  title =        {Software and System Engineering - High-level Petri nets - Part 1: Concepts, Definitions and Graphical notation},
  journal =      "ISO/IEC",
  year =         {2004},
  volume =    {15909},
  number =    {1}
}
@Article
{
  15909-2:2011,
  title =        {Systems and software engineering -- High-level Petri nets -- Part 2: Transfer format},
  journal =      "ISO/IEC",
  year =         {2011},
  volume =    {15909},
  number =    {2}
}
@Article
{
  min-dist,
  author =       {Kindler, E. and Petrucci, L.},
  title =        {A framework for the definition of variants of high-level Petri nets},
  journal =      {Proceedings of the Tenth Workshop and Tutorial on Practical Use of Coloured Petri Nets and CPN Tools (CPN '09)},
  year =         {2009}
}
@ARTICLE
{
    echo,
    author = {Ekkart Kindler and Wolfgang Reisig and Hagen Volzer and Rolf Walter},
    title = {Petri Net Based Verification of Distributed Algorithms: An Example},
    journal = {Formal Aspects of Computing},
    year = {1996},
    volume = {9}
}
@ARTICLE
{
    epnk,
    author = {Ekkart Kindler},
    title = {ePNK: A generic PNML tool - Users' and Developers' Guide : version 0.9.1},
    journal = {IMM-Technical Report},
    year = {2011},
    volume = {3}
}
@INPROCEEDINGS
{
    pnvis,
    author = {Ekkart Kindler and Csaba Pales},
    title = {3D-Visualization of Petri Net Models: Concept and Realization},
    booktitle = {In Proc. of ICATPN 2004, volume 3099 of LNCS},
    year = {2004},
    pages = {464--473},
    publisher = {Springer-Verlag}
}

@INPROCEEDINGS
{
    cpntools,
    author = {Anne Vinter Ratzer and Lisa Wells and Henry Michael Lassen and Mads Laursen and Jacob Frank and Martin Stig Stissing and Michael Westergaard and SÃ¸ren Christensen and Kurt Jensen},
    title = {CPN Tools for editing, simulating, and analysing coloured Petri nets},
    booktitle = {Applications and Theory of Petri Nets 2003: 24th International Conference, ICATPN 2003},
    year = {2003},
    pages = {450--462},
    publisher = {Springer Verlag}
}

@misc
{
      website:eclipse,
      author = "The Eclipse Foundation",
      title = "Eclipse",
      year = 2012,
      url = "http://eclipse.org/"
}

@misc
{
      website:emf,
      author = "The Eclipse Foundation",
      title = "Eclipse Modeling Framework",
      year = 2012,
      url = "http://www.eclipse.org/modeling/emf/"
}

@misc
{
      website:gmf,
      author = "The Eclipse Foundation",
      title = "Graphical Modeling Project",
      year = 2012,
      url = "http://www.eclipse.org/modeling/gmp/"
}
